@inproceedings{ScienceQA,
  title     = {Learn to Explain: Multimodal Reasoning via Thought Chains for Science Question Answering},
  author    = {Lu, Pan and Mishra, Swaroop and Xia, Tony and Qiu, Liang and Chang, Kai-Wei and Zhu, Song-Chun and Tafjord, Oyvind and Clark, Peter and Ashwin Kalyan},
  booktitle = {The 36th Conference on Neural Information Processing Systems (NeurIPS)},
  year      = {2022}
}

@online{lora,
  author     = {Edward J., Hu and Yelong, Shen and Phillip, Wallis and Zeyuan, Allen-Zhu and Yuanzhi, Li and Shean, Wang and Lu, Wang and Weizhu, Chen},
  title      = {Lora: Low-rank adaptation of large language models},
  year       = {2021},
  eprinttype = {arxiv},
  doi        = {https://doi.org/10.48550/arXiv.2106.09685}
}

@online{qlora,
  author     = {Tim, Dettmers and Artidoro, Pagnoni and Ari, Holtzman and Luke, Zettlemoyer},
  title      = {QLoRA: Efficient Finetuning of Quantized LLMs},
  year       = {2023},
  eprinttype = {arxiv},
  doi        = {https://doi.org/10.48550/arXiv.2305.14314}
}

